@Inbook{Barker2017,
    author={Barker, Jessica L.},
    editor="Shackelford, Todd K.
    and Weekes-Shackelford, Viviana A.",
    title="Robert Axelrod's (1984) The Evolution of Cooperation",
    bookTitle="Encyclopedia of Evolutionary Psychological Science",
    year="2017",
    publisher="Springer International Publishing",
    address="Cham",
    pages="1--8",
    isbn="978-3-319-16999-6",
    doi="10.1007/978-3-319-16999-6_1220-1",
    url="https://doi.org/10.1007/978-3-319-16999-6_1220-1"
}

@article{Essam,
    author={Essam EL-Seidy},
    title="On the Behavior of Strategies in Hawk-Dove Game",
    year="2016",
    publisher="Journal of Game Theory, Vol. 5 No. 1, 2016, pp. 9-15",
    address="Cham",
    pages="1--8",
    isbn="978-3-319-16999-6",
    doi="10.1007/978-3-319-16999-6_1220-1",
    url="https://doi.org/10.5923/j.jgt.20160501.02."
}

@book{DBLP:books/lib/SuttonB98,
  author    = {Richard S. Sutton and
               Andrew G. Barto},
  title     = {Reinforcement learning - an introduction},
  series    = {Adaptive computation and machine learning},
  publisher = {{MIT} Press},
  year      = {1998},
  url       = {http://www.worldcat.org/oclc/37293240},
  isbn      = {0262193981},
  timestamp = {Wed, 26 Apr 2017 01:00:00 +0200},
  biburl    = {https://dblp.org/rec/bib/books/lib/SuttonB98},
  bibsource = {dblp computer science bibliography, https://dblp.org}
}